@article{shendure2019genomic,
  title={Genomic Medicine--Progress, Pitfalls, and Promise},
  author={Shendure, Jay and Findlay, Gregory M and Snyder, Matthew W},
  journal={Cell},
  volume={177},
  number={1},
  pages={45--57},
  year={2019},
  publisher={Elsevier}
}
@article{martincorena2017universal,
  title={Universal patterns of selection in cancer and somatic tissues},
  author={Martincorena, I{\~n}igo and Raine, Keiran M and Gerstung, Moritz and Dawson, Kevin J and Haase, Kerstin and Van Loo, Peter and Davies, Helen and Stratton, Michael R and Campbell, Peter J},
  journal={Cell},
  volume={171},
  number={5},
  pages={1029--1041},
  year={2017},
  publisher={Elsevier}
}
@article{armitage1954age,
  title={The age distribution of cancer and a multi-stage theory of carcinogenesis},
  author={Armitage, Peter and Doll, Richard},
  journal={British journal of cancer},
  volume={8},
  number={1},
  pages={1},
  year={1954},
  publisher={Nature Publishing Group}
}
@article{tomasetti2015variation,
  title={Variation in cancer risk among tissues can be explained by the number of stem cell divisions},
  author={Tomasetti, Cristian and Vogelstein, Bert},
  journal={Science},
  volume={347},
  number={6217},
  pages={78--81},
  year={2015},
  publisher={American Association for the Advancement of Science}
}
@article{yates2015subclonal,
  title={Subclonal diversification of primary breast cancer revealed by multiregion sequencing},
  author={Yates, Lucy R and Gerstung, Moritz and Knappskog, Stian and Desmedt, Christine and Gundem, Gunes and Van Loo, Peter and Aas, Turid and Alexandrov, Ludmil B and Larsimont, Denis and Davies, Helen and others},
  journal={Nature medicine},
  volume={21},
  number={7},
  pages={751},
  year={2015},
  publisher={Nature Publishing Group}
}
@article{martincorena2015high,
  title={High burden and pervasive positive selection of somatic mutations in normal human skin},
  author={Martincorena, I{\~n}igo and Roshan, Amit and Gerstung, Moritz and Ellis, Peter and Van Loo, Peter and McLaren, Stuart and Wedge, David C and Fullam, Anthony and Alexandrov, Ludmil B and Tubio, Jose M and others},
  journal={Science},
  volume={348},
  number={6237},
  pages={880--886},
  year={2015},
  publisher={American Association for the Advancement of Science}
}
@article{lawrence2014discovery,
  title={Discovery and saturation analysis of cancer genes across 21 tumour types},
  author={Lawrence, Michael S and Stojanov, Petar and Mermel, Craig H and Robinson, James T and Garraway, Levi A and Golub, Todd R and Meyerson, Matthew and Gabriel, Stacey B and Lander, Eric S and Getz, Gad},
  journal={Nature},
  volume={505},
  number={7484},
  pages={495},
  year={2014},
  publisher={Nature Publishing Group}
}
@article{kandoth2013mutational,
  title={Mutational landscape and significance across 12 major cancer types},
  author={Kandoth, Cyriac and McLellan, Michael D and Vandin, Fabio and Ye, Kai and Niu, Beifang and Lu, Charles and Xie, Mingchao and Zhang, Qunyuan and McMichael, Joshua F and Wyczalkowski, Matthew A and others},
  journal={Nature},
  volume={502},
  number={7471},
  pages={333},
  year={2013},
  publisher={Nature Publishing Group}
}
@article{morley1995somatic,
  title={The somatic mutation theory of ageing},
  author={Morley, Alexander A},
  journal={Mutation Research/DNAging},
  volume={338},
  number={1-6},
  pages={19--23},
  year={1995},
  publisher={Elsevier}
}
@article{lee2018population,
  title={Population dynamics of normal human blood inferred from somatic mutations},
  author={Lee-Six, Henry and {\O}bro, Nina Friesgaard and Shepherd, Mairi S and Grossmann, Sebastian and Dawson, Kevin and Belmonte, Miriam and Osborne, Robert J and Huntly, Brian JP and Martincorena, Inigo and Anderson, Elizabeth and others},
  journal={Nature},
  volume={561},
  number={7724},
  pages={473},
  year={2018},
  publisher={Nature Publishing Group}
}
@article{liu2019stem,
  title={Stem cell competition orchestrates skin homeostasis and ageing},
  author={Liu, Nan and Matsumura, Hiroyuki and Kato, Tomoki and Ichinose, Shizuko and Takada, Aki and Namiki, Takeshi and Asakawa, Kyosuke and Morinaga, Hironobu and Mohri, Yasuaki and De Arcangelis, Ad{\`e}le and others},
  journal={Nature},
  pages={1},
  year={2019},
  publisher={Nature Publishing Group}
}
@article{chen2019selene,
  title={Selene: a PyTorch-based deep learning library for sequence data},
  author={Chen, Kathleen M and Cofer, Evan M and Zhou, Jian and Troyanskaya, Olga G},
  journal={Nature Methods},
  volume={16},
  number={4},
  pages={315},
  year={2019},
  publisher={Nature Publishing Group}
}
@article{budach2018pysster,
  title={pysster: classification of biological sequences by learning sequence and structure motifs with convolutional neural networks},
  author={Budach, Stefan and Marsico, Annalisa},
  journal={Bioinformatics},
  volume={34},
  number={17},
  pages={3035--3037},
  year={2018},
  publisher={Oxford University Press}
}
@article{avsec2018kipoi,
  title={Kipoi: accelerating the community exchange and reuse of predictive models for genomics},
  author={Avsec, Ziga and Kreuzhuber, Roman and Israeli, Johnny and Xu, Nancy and Cheng, Jun and Shrikumar, Avanti and Banerjee, Abhimanyu and Kim, Daniel S and Urban, Lara and Kundaje, Anshul and others},
  journal={BioRxiv},
  pages={375345},
  year={2018},
  publisher={Cold Spring Harbor Laboratory}
}
@article{stephens2009complex,
  title={Complex landscapes of somatic rearrangement in human breast cancer genomes},
  author={Stephens, Philip J and McBride, David J and Lin, Meng-Lay and Varela, Ignacio and Pleasance, Erin D and Simpson, Jared T and Stebbings, Lucy A and Leroy, Catherine and Edkins, Sarah and Mudie, Laura J and others},
  journal={Nature},
  volume={462},
  number={7276},
  pages={1005},
  year={2009},
  publisher={Nature Publishing Group}
}
@article{alexandrov2013signatures,
  title={Signatures of mutational processes in human cancer},
  author={Alexandrov, Ludmil B and Nik-Zainal, Serena and Wedge, David C and Aparicio, Samuel AJR and Behjati, Sam and Biankin, Andrew V and Bignell, Graham R and Bolli, Niccolo and Borg, Ake and B{\o}rresen-Dale, Anne-Lise and others},
  journal={Nature},
  volume={500},
  number={7463},
  pages={415},
  year={2013},
  publisher={Nature Publishing Group}
}
@article{lawrence2013mutational,
  title={Mutational heterogeneity in cancer and the search for new cancer-associated genes},
  author={Lawrence, Michael S and Stojanov, Petar and Polak, Paz and Kryukov, Gregory V and Cibulskis, Kristian and Sivachenko, Andrey and Carter, Scott L and Stewart, Chip and Mermel, Craig H and Roberts, Steven A and others},
  journal={Nature},
  volume={499},
  number={7457},
  pages={214},
  year={2013},
  publisher={Nature Publishing Group}
}
@article{vogelstein2013cancer,
  title={Cancer genome landscapes},
  author={Vogelstein, Bert and Papadopoulos, Nickolas and Velculescu, Victor E and Zhou, Shibin and Diaz, Luis A and Kinzler, Kenneth W},
  journal={science},
  volume={339},
  number={6127},
  pages={1546--1558},
  year={2013},
  publisher={American Association for the Advancement of Science}
}
@article{nik2012mutational,
  title={Mutational processes molding the genomes of 21 breast cancers},
  author={Nik-Zainal, Serena and Alexandrov, Ludmil B and Wedge, David C and Van Loo, Peter and Greenman, Christopher D and Raine, Keiran and Jones, David and Hinton, Jonathan and Marshall, John and Stebbings, Lucy A and others},
  journal={Cell},
  volume={149},
  number={5},
  pages={979--993},
  year={2012},
  publisher={Elsevier}
}
@article{martincorena2015somatic,
  title={Somatic mutation in cancer and normal cells},
  author={Martincorena, I{\~n}igo and Campbell, Peter J},
  journal={Science},
  volume={349},
  number={6255},
  pages={1483--1489},
  year={2015},
  publisher={American Association for the Advancement of Science}
}
@article{lynch2010rate,
  title={Rate, molecular spectrum, and consequences of human mutation},
  author={Lynch, Michael},
  journal={Proceedings of the National Academy of Sciences},
  volume={107},
  number={3},
  pages={961--968},
  year={2010},
  publisher={National Acad Sciences}
}
@article{snippert2014biased,
  title={Biased competition between Lgr5 intestinal stem cells driven by oncogenic mutation induces clonal expansion},
  author={Snippert, Hugo J and Schepers, Arnout G and van Es, Johan H and Simons, Benjamin D and Clevers, Hans},
  journal={EMBO reports},
  volume={15},
  number={1},
  pages={62--69},
  year={2014},
  publisher={EMBO Press}
}
@article{preston2003bottom,
  title={Bottom-up histogenesis of colorectal adenomas: origin in the monocryptal adenoma and initial expansion by crypt fission},
  author={Preston, Sean L and Wong, Wai-Man and Chan, Annie On-On and Poulsom, Richard and Jeffery, Rosemary and Goodlad, Robert A and Mandir, Nikki and Elia, George and Novelli, Marco and Bodmer, Walter F and others},
  journal={Cancer research},
  volume={63},
  number={13},
  pages={3819--3825},
  year={2003},
  publisher={AACR}
}
@article{alcolea2014differentiation,
  title={Differentiation imbalance in single oesophageal progenitor cells causes clonal immortalization and field change},
  author={Alcolea, Maria P and Greulich, Philip and Wabik, Agnieszka and Frede, Julia and Simons, Benjamin D and Jones, Philip H},
  journal={Nature cell biology},
  volume={16},
  number={6},
  pages={612},
  year={2014},
  publisher={Nature Publishing Group}
}
@article{klein2010stochastic,
  title={Stochastic fate of p53-mutant epidermal progenitor cells is tilted toward proliferation by UV B during preneoplasia},
  author={Klein, Allon M and Brash, Douglas E and Jones, Philip H and Simons, Benjamin D},
  journal={Proceedings of the National Academy of Sciences},
  volume={107},
  number={1},
  pages={270--275},
  year={2010},
  publisher={National Acad Sciences}
}
@article{gusev2014partitioning,
  title={Partitioning heritability of regulatory and cell-type-specific variants across 11 common diseases},
  author={Gusev, Alexander and Lee, S Hong and Trynka, Gosia and Finucane, Hilary and Vilhj{\'a}lmsson, Bjarni J and Xu, Han and Zang, Chongzhi and Ripke, Stephan and Bulik-Sullivan, Brendan and Stahl, Eli and others},
  journal={The American Journal of Human Genetics},
  volume={95},
  number={5},
  pages={535--552},
  year={2014},
  publisher={Elsevier}
}
